

	<marc:record>
		<marc:leader>00000ndm a2200000 u 4500</marc:leader>
		<marc:controlfield tag="001">1001084905</marc:controlfield>
		<marc:controlfield tag="003">DE-633</marc:controlfield>
		<marc:datafield tag="031" ind1=" " ind2=" ">
			<marc:subfield code="a">1</marc:subfield>
			<marc:subfield code="b">1</marc:subfield>
			<marc:subfield code="c">1</marc:subfield>
			<marc:subfield code="d">Poco allegro</marc:subfield>
			<marc:subfield code="g">C-1</marc:subfield>
			<marc:subfield code="m">S</marc:subfield>
			<marc:subfield code="n">bB</marc:subfield>
			<marc:subfield code="o">c</marc:subfield>
			<marc:subfield code="p">=18/4&#39;F{8.6AG}4.F{6AB}/{8&#39;&#39;C6&#39;BA}{B&#39;&#39;CDE}{8F6ED}8C&#39;B/4AF2-/</marc:subfield>
			<marc:subfield code="r">F</marc:subfield>
			<marc:subfield code="t">Atra nocte jam fugata</marc:subfield>
			<marc:subfield code="2">pe</marc:subfield>
		</marc:datafield>
		<marc:datafield tag="031" ind1=" " ind2=" ">
			<marc:subfield code="a">1</marc:subfield>
			<marc:subfield code="b">1</marc:subfield>
			<marc:subfield code="c">2</marc:subfield>
			<marc:subfield code="d">All[eg]ro</marc:subfield>
			<marc:subfield code="g">G-2</marc:subfield>
			<marc:subfield code="m">vl 1</marc:subfield>
			<marc:subfield code="n">bB</marc:subfield>
			<marc:subfield code="o">c</marc:subfield>
			<marc:subfield code="p">4&#39;&#39;A{8.6&#39;&#39;&#39;C&#39;&#39;B}4A8-{6AB}/{8&#39;&#39;&#39;C&#39;&#39;6AB}{8&#39;&#39;&#39;C&#39;&#39;6BA}{8AG}4-/&#39;A{8.6&#39;&#39;C&#39;B}4A8-{6AB}/{8&#39;&#39;C&#39;6AB}{8&#39;&#39;C&#39;A}{AG}4-/</marc:subfield>
			<marc:subfield code="r">F</marc:subfield>
			<marc:subfield code="2">pe</marc:subfield>
		</marc:datafield>
		<marc:datafield tag="031" ind1=" " ind2=" ">
			<marc:subfield code="a">1</marc:subfield>
			<marc:subfield code="b">2</marc:subfield>
			<marc:subfield code="c">1</marc:subfield>
			<marc:subfield code="d">Recitt[ativo]. Adagio</marc:subfield>
			<marc:subfield code="g">C-1</marc:subfield>
			<marc:subfield code="m">S</marc:subfield>
			<marc:subfield code="n">bB</marc:subfield>
			<marc:subfield code="o">c</marc:subfield>
			<marc:subfield code="p">8&#39;&#39;C6CC8CD4&#39;nBB/8&#39;&#39;F&#39;BB6&#39;&#39;CD4CC/-8CD4E8EF/4GG&#39;B8BA/</marc:subfield>
			<marc:subfield code="r">F</marc:subfield>
			<marc:subfield code="t">In universa terra gaudent animae justae</marc:subfield>
			<marc:subfield code="2">pe</marc:subfield>
		</marc:datafield>
		<marc:datafield tag="031" ind1=" " ind2=" ">
			<marc:subfield code="a">1</marc:subfield>
			<marc:subfield code="b">2</marc:subfield>
			<marc:subfield code="c">2</marc:subfield>
			<marc:subfield code="d">Recitt[ativo]</marc:subfield>
			<marc:subfield code="g">G-2</marc:subfield>
			<marc:subfield code="m">vl 1</marc:subfield>
			<marc:subfield code="n">bB</marc:subfield>
			<marc:subfield code="o">c</marc:subfield>
			<marc:subfield code="p">2&#39;&#39;GF+/FG/1G/G/A/2AB/AB/</marc:subfield>
			<marc:subfield code="r">F</marc:subfield>
			<marc:subfield code="2">pe</marc:subfield>
		</marc:datafield>
		<marc:datafield tag="031" ind1=" " ind2=" ">
			<marc:subfield code="a">1</marc:subfield>
			<marc:subfield code="b">3</marc:subfield>
			<marc:subfield code="c">1</marc:subfield>
			<marc:subfield code="d">Largo</marc:subfield>
			<marc:subfield code="g">C-1</marc:subfield>
			<marc:subfield code="m">S</marc:subfield>
			<marc:subfield code="n">bB</marc:subfield>
			<marc:subfield code="o">3/4</marc:subfield>
			<marc:subfield code="p">=9/2A4&#39;&#39;C/8{&#39;BA}2B/4&#39;&#39;E2&#39;A/4A2xG/=2/2A4&#39;&#39;C/</marc:subfield>
			<marc:subfield code="r">F</marc:subfield>
			<marc:subfield code="t">Dies grata ex optata</marc:subfield>
			<marc:subfield code="2">pe</marc:subfield>
		</marc:datafield>
		<marc:datafield tag="031" ind1=" " ind2=" ">
			<marc:subfield code="a">1</marc:subfield>
			<marc:subfield code="b">3</marc:subfield>
			<marc:subfield code="c">2</marc:subfield>
			<marc:subfield code="d">Largo et sempre piano</marc:subfield>
			<marc:subfield code="g">G-2</marc:subfield>
			<marc:subfield code="m">vl 1</marc:subfield>
			<marc:subfield code="n">bB</marc:subfield>
			<marc:subfield code="o">3/4</marc:subfield>
			<marc:subfield code="p">8{A&#39;&#39;CEC&#39;A&#39;&#39;E}/{&#39;xGB&#39;&#39;E&#39;BG&#39;&#39;E}/{&#39;GB&#39;&#39;E&#39;BG&#39;&#39;D}/{&#39;xFA&#39;&#39;D&#39;AF&#39;&#39;D}/</marc:subfield>
			<marc:subfield code="r">F</marc:subfield>
			<marc:subfield code="2">pe</marc:subfield>
		</marc:datafield>
		<marc:datafield tag="031" ind1=" " ind2=" ">
			<marc:subfield code="a">1</marc:subfield>
			<marc:subfield code="b">4</marc:subfield>
			<marc:subfield code="c">1</marc:subfield>
			<marc:subfield code="g">C-1</marc:subfield>
			<marc:subfield code="m">S</marc:subfield>
			<marc:subfield code="n">bB</marc:subfield>
			<marc:subfield code="o">2/4</marc:subfield>
			<marc:subfield code="p">=16/6{&#39;FGAB}8&#39;&#39;C&#39;B/A&#39;F-&#39;&#39;C/{6DC&#39;B&#39;&#39;C}{8D&#39;B}/{6&#39;&#39;C&#39;BAB}{8&#39;&#39;C&#39;A}/{6BAGA}{B&#39;&#39;DC&#39;B}/</marc:subfield>
			<marc:subfield code="r">F</marc:subfield>
			<marc:subfield code="t">Alleluia</marc:subfield>
			<marc:subfield code="2">pe</marc:subfield>
		</marc:datafield>
		<marc:datafield tag="031" ind1=" " ind2=" ">
			<marc:subfield code="a">1</marc:subfield>
			<marc:subfield code="b">4</marc:subfield>
			<marc:subfield code="c">2</marc:subfield>
			<marc:subfield code="g">G-2</marc:subfield>
			<marc:subfield code="m">vl 1</marc:subfield>
			<marc:subfield code="n">bB</marc:subfield>
			<marc:subfield code="o">2/4</marc:subfield>
			<marc:subfield code="p">8{&#39;&#39;F&#39;&#39;&#39;CC&#39;&#39;E}/i/i/6{FE}4F8D/{C6&#39;BA}{8B&#39;&#39;C}/{&#39;AF}-&#39;&#39;&#39;D/</marc:subfield>
			<marc:subfield code="r">F</marc:subfield>
			<marc:subfield code="2">pe</marc:subfield>
		</marc:datafield>
		<marc:datafield tag="040" ind1=" " ind2=" ">
			<marc:subfield code="a">DE-633</marc:subfield>
			<marc:subfield code="b">eng</marc:subfield>
		</marc:datafield>
		<marc:datafield tag="041" ind1="0" ind2=" ">
			<marc:subfield code="a">lat</marc:subfield>
		</marc:datafield>
		<marc:datafield tag="100" ind1="1" ind2=" ">
			<marc:subfield code="a">Anonymus</marc:subfield>
			<marc:subfield code="0">30004985</marc:subfield>
		</marc:datafield>
		<marc:datafield tag="240" ind1="1" ind2="0">
			<marc:subfield code="a">Altra nocte jam fugata</marc:subfield>
			<marc:subfield code="m">S, vl (2), org</marc:subfield>
			<marc:subfield code="r">F</marc:subfield>
			<marc:subfield code="0">5219776</marc:subfield>
		</marc:datafield>
		<marc:datafield tag="245" ind1="1" ind2="0">
			<marc:subfield code="a">[title page:] Concerto | De Annuntiatione B M. V. | Atra nocte jam fugata | a Canto Solo | Con 2. Violini | e Organo.</marc:subfield>
		</marc:datafield>
		<marc:datafield tag="260" ind1=" " ind2=" ">
			<marc:subfield code="c">ca. 1740</marc:subfield>
			<marc:subfield code="8">01</marc:subfield>
		</marc:datafield>
		<marc:datafield tag="300" ind1=" " ind2=" ">
			<marc:subfield code="a">4 parts</marc:subfield>
			<marc:subfield code="c">22,5 x 18 cm</marc:subfield>
			<marc:subfield code="8">01</marc:subfield>
		</marc:datafield>
		<marc:datafield tag="500" ind1=" " ind2=" ">
			<marc:subfield code="a">Inscription &quot;Ecclesiae Parochiali Racoviensi Sacrum | Raptori Sacrilegium.&quot; at the bottom of the title page.</marc:subfield>
		</marc:datafield>
		<marc:datafield tag="590" ind1=" " ind2=" ">
			<marc:subfield code="a">S solo</marc:subfield>
			<marc:subfield code="b">2 f.</marc:subfield>
			<marc:subfield code="8">01</marc:subfield>
		</marc:datafield>
		<marc:datafield tag="590" ind1=" " ind2=" ">
			<marc:subfield code="a">vl 1, 2</marc:subfield>
			<marc:subfield code="b">2, 2 f.</marc:subfield>
			<marc:subfield code="8">01</marc:subfield>
		</marc:datafield>
		<marc:datafield tag="590" ind1=" " ind2=" ">
			<marc:subfield code="a">org (= bc)</marc:subfield>
			<marc:subfield code="b">2 f.</marc:subfield>
			<marc:subfield code="8">01</marc:subfield>
		</marc:datafield>
		<marc:datafield tag="593" ind1=" " ind2=" ">
			<marc:subfield code="a">Manuscript copy</marc:subfield>
			<marc:subfield code="b">Notated music</marc:subfield>
			<marc:subfield code="8">01</marc:subfield>
		</marc:datafield>
		<marc:datafield tag="594" ind1=" " ind2=" ">
			<marc:subfield code="b">S solo</marc:subfield>
			<marc:subfield code="c">1</marc:subfield>
		</marc:datafield>
		<marc:datafield tag="594" ind1=" " ind2=" ">
			<marc:subfield code="b">vl</marc:subfield>
			<marc:subfield code="c">2</marc:subfield>
		</marc:datafield>
		<marc:datafield tag="594" ind1=" " ind2=" ">
			<marc:subfield code="b">org</marc:subfield>
			<marc:subfield code="c">1</marc:subfield>
		</marc:datafield>
		<marc:datafield tag="594" ind1=" " ind2=" ">
			<marc:subfield code="a">S solo, vl (2), org</marc:subfield>
		</marc:datafield>
		<marc:datafield tag="599" ind1=" " ind2=" ">
			<marc:subfield code="b">full</marc:subfield>
		</marc:datafield>
		<marc:datafield tag="650" ind1="0" ind2="7">
			<marc:subfield code="a">Sacred concerts (voc.)</marc:subfield>
			<marc:subfield code="0">25362</marc:subfield>
		</marc:datafield>
		<marc:datafield tag="650" ind1="0" ind2="7">
			<marc:subfield code="a">Cantatas</marc:subfield>
			<marc:subfield code="0">25226</marc:subfield>
		</marc:datafield>
		<marc:datafield tag="691" ind1=" " ind2="7">
			<marc:subfield code="a">PatalasR 2008</marc:subfield>
			<marc:subfield code="n">p. 62</marc:subfield>
			<marc:subfield code="0">41002059</marc:subfield>
		</marc:datafield>
		<marc:datafield tag="700" ind1="1" ind2=" ">
			<marc:subfield code="a">Copyist A from Raków</marc:subfield>
			<marc:subfield code="d">18.sc</marc:subfield>
			<marc:subfield code="j">Ascertained</marc:subfield>
			<marc:subfield code="0">41025077</marc:subfield>
			<marc:subfield code="4">scr</marc:subfield>
		</marc:datafield>
		<marc:datafield tag="710" ind1="2" ind2=" ">
			<marc:subfield code="a">Kościół św. Trójcy w Rakowie, Archiwum</marc:subfield>
			<marc:subfield code="c">Raków</marc:subfield>
			<marc:subfield code="g">Ascertained</marc:subfield>
			<marc:subfield code="0">30002096</marc:subfield>
			<marc:subfield code="4">fmo</marc:subfield>
		</marc:datafield>
		<marc:datafield tag="852" ind1=" " ind2=" ">
			<marc:subfield code="a">PL-R</marc:subfield>
			<marc:subfield code="c">RAp-20</marc:subfield>
			<marc:subfield code="e">Kościół św. Trójcy w Rakowie, Archiwum</marc:subfield>
			<marc:subfield code="x">30002096</marc:subfield>
		</marc:datafield>
		<marc:datafield tag="980" ind1=" " ind2=" ">
			<marc:subfield code="a">RISM</marc:subfield>
			<marc:subfield code="c">examined</marc:subfield>
		</marc:datafield>
	</marc:record>