

	<marc:record>
		<marc:leader>00000ndm a2200000 u 4500</marc:leader>
		<marc:controlfield tag="001">1001086020</marc:controlfield>
		<marc:controlfield tag="003">DE-633</marc:controlfield>
		<marc:datafield tag="031" ind1=" " ind2=" ">
			<marc:subfield code="a">1</marc:subfield>
			<marc:subfield code="b">1</marc:subfield>
			<marc:subfield code="c">1</marc:subfield>
			<marc:subfield code="g">C-1</marc:subfield>
			<marc:subfield code="m">S</marc:subfield>
			<marc:subfield code="o">3/2</marc:subfield>
			<marc:subfield code="p">2--&#39;&#39;C/2.D4D2D/2.C4C2C/1D2D/2--D/</marc:subfield>
			<marc:subfield code="r">C</marc:subfield>
			<marc:subfield code="t">Magnificat, anima mea Dominum</marc:subfield>
			<marc:subfield code="2">pe</marc:subfield>
		</marc:datafield>
		<marc:datafield tag="031" ind1=" " ind2=" ">
			<marc:subfield code="a">1</marc:subfield>
			<marc:subfield code="b">1</marc:subfield>
			<marc:subfield code="c">2</marc:subfield>
			<marc:subfield code="g">G-2</marc:subfield>
			<marc:subfield code="m">vl 2</marc:subfield>
			<marc:subfield code="o">3/2</marc:subfield>
			<marc:subfield code="p">2--&#39;&#39;C/2.D4D2D/CCC/1&#39;B2B/--A/</marc:subfield>
			<marc:subfield code="r">C</marc:subfield>
			<marc:subfield code="2">pe</marc:subfield>
		</marc:datafield>
		<marc:datafield tag="031" ind1=" " ind2=" ">
			<marc:subfield code="a">1</marc:subfield>
			<marc:subfield code="b">2</marc:subfield>
			<marc:subfield code="c">1</marc:subfield>
			<marc:subfield code="g">C-3</marc:subfield>
			<marc:subfield code="m">A</marc:subfield>
			<marc:subfield code="o">6/8</marc:subfield>
			<marc:subfield code="p">=1/8&#39;CEC{6GFGAGF}/8EC-2-/8CEC{6GFGAGF}/8EC--6GGGG/</marc:subfield>
			<marc:subfield code="r">C</marc:subfield>
			<marc:subfield code="t">Quia respexit humilitatem, ancillae suae</marc:subfield>
			<marc:subfield code="2">pe</marc:subfield>
		</marc:datafield>
		<marc:datafield tag="031" ind1=" " ind2=" ">
			<marc:subfield code="a">1</marc:subfield>
			<marc:subfield code="b">2</marc:subfield>
			<marc:subfield code="c">2</marc:subfield>
			<marc:subfield code="g">G-2</marc:subfield>
			<marc:subfield code="m">clno</marc:subfield>
			<marc:subfield code="o">6/8</marc:subfield>
			<marc:subfield code="p">8{&#39;&#39;CEC}{6GFGAGF}/{8EC}-2-/{6GFEF8G}{6AE}{8.D6C}/4C8-2-/</marc:subfield>
			<marc:subfield code="r">C</marc:subfield>
			<marc:subfield code="2">pe</marc:subfield>
		</marc:datafield>
		<marc:datafield tag="031" ind1=" " ind2=" ">
			<marc:subfield code="a">1</marc:subfield>
			<marc:subfield code="b">3</marc:subfield>
			<marc:subfield code="c">1</marc:subfield>
			<marc:subfield code="g">C-1</marc:subfield>
			<marc:subfield code="m">S</marc:subfield>
			<marc:subfield code="o">c/</marc:subfield>
			<marc:subfield code="p">=3/4-8&#39;&#39;D&#39;B&#39;&#39;E{6C&#39;B}8A&#39;&#39;D/&#39;BG-2-/4-8&#39;&#39;D&#39;B&#39;&#39;E{6C&#39;B}8A&#39;&#39;D/</marc:subfield>
			<marc:subfield code="r">C</marc:subfield>
			<marc:subfield code="t">Quia fecit mihi magna qui potens est</marc:subfield>
			<marc:subfield code="2">pe</marc:subfield>
		</marc:datafield>
		<marc:datafield tag="031" ind1=" " ind2=" ">
			<marc:subfield code="a">1</marc:subfield>
			<marc:subfield code="b">3</marc:subfield>
			<marc:subfield code="c">2</marc:subfield>
			<marc:subfield code="g">G-2</marc:subfield>
			<marc:subfield code="m">vl 2</marc:subfield>
			<marc:subfield code="o">c/</marc:subfield>
			<marc:subfield code="p">=1/4-8{&#39;&#39;D&#39;B}{&#39;&#39;E6C&#39;B}{8A&#39;&#39;D}/{6&#39;BBBB}{BAAA}{AGGG}4xF/G-2-/</marc:subfield>
			<marc:subfield code="r">C</marc:subfield>
			<marc:subfield code="2">pe</marc:subfield>
		</marc:datafield>
		<marc:datafield tag="031" ind1=" " ind2=" ">
			<marc:subfield code="a">1</marc:subfield>
			<marc:subfield code="b">4</marc:subfield>
			<marc:subfield code="c">1</marc:subfield>
			<marc:subfield code="g">C-1</marc:subfield>
			<marc:subfield code="m">S</marc:subfield>
			<marc:subfield code="o">c/</marc:subfield>
			<marc:subfield code="p">4.&#39;G8G4.A8A/4B8AG4&#39;&#39;DD/DD4.C8C/4D8DD2D/</marc:subfield>
			<marc:subfield code="r">C</marc:subfield>
			<marc:subfield code="t">Et misericordia ejus, a progenie in progenies</marc:subfield>
			<marc:subfield code="2">pe</marc:subfield>
		</marc:datafield>
		<marc:datafield tag="031" ind1=" " ind2=" ">
			<marc:subfield code="a">1</marc:subfield>
			<marc:subfield code="b">4</marc:subfield>
			<marc:subfield code="c">2</marc:subfield>
			<marc:subfield code="g">G-2</marc:subfield>
			<marc:subfield code="m">vl 2</marc:subfield>
			<marc:subfield code="o">c/</marc:subfield>
			<marc:subfield code="p">=2/4.&#39;&#39;D8D4EC/&#39;A8{AA}{BA}/4.B8&#39;&#39;C{8&#39;AA}4A/&#39;&#39;CD{8DDD&#39;B}/</marc:subfield>
			<marc:subfield code="r">C</marc:subfield>
			<marc:subfield code="2">pe</marc:subfield>
		</marc:datafield>
		<marc:datafield tag="031" ind1=" " ind2=" ">
			<marc:subfield code="a">1</marc:subfield>
			<marc:subfield code="b">5</marc:subfield>
			<marc:subfield code="c">1</marc:subfield>
			<marc:subfield code="g">F-4</marc:subfield>
			<marc:subfield code="m">B</marc:subfield>
			<marc:subfield code="o">12/8</marc:subfield>
			<marc:subfield code="p">8,CEC8.G6G8GGDG8.E6D8C/=1/8,CEC8.G6G8GGDG8.E6DCC/</marc:subfield>
			<marc:subfield code="r">C</marc:subfield>
			<marc:subfield code="t">Fecit potentiam in brachio suo</marc:subfield>
			<marc:subfield code="2">pe</marc:subfield>
		</marc:datafield>
		<marc:datafield tag="031" ind1=" " ind2=" ">
			<marc:subfield code="a">1</marc:subfield>
			<marc:subfield code="b">5</marc:subfield>
			<marc:subfield code="c">2</marc:subfield>
			<marc:subfield code="g">G-2</marc:subfield>
			<marc:subfield code="m">vl 2</marc:subfield>
			<marc:subfield code="o">12/8</marc:subfield>
			<marc:subfield code="p">=1/8{&#39;G&#39;&#39;C&#39;G}{BBB}4B8B{&#39;&#39;C&#39;B&#39;&#39;C}/=3/{&#39;DGD}{BBB}{BxFB}{GFG}/</marc:subfield>
			<marc:subfield code="r">C</marc:subfield>
			<marc:subfield code="2">pe</marc:subfield>
		</marc:datafield>
		<marc:datafield tag="031" ind1=" " ind2=" ">
			<marc:subfield code="a">1</marc:subfield>
			<marc:subfield code="b">6</marc:subfield>
			<marc:subfield code="c">1</marc:subfield>
			<marc:subfield code="g">C-1</marc:subfield>
			<marc:subfield code="m">S</marc:subfield>
			<marc:subfield code="o">c/</marc:subfield>
			<marc:subfield code="p">2-&#39;&#39;C/4DDDD/CC-C/&#39;BBBB/2B4&#39;&#39;CD/</marc:subfield>
			<marc:subfield code="r">C</marc:subfield>
			<marc:subfield code="t">Deposuit potentes de sede et exaltavit humiles</marc:subfield>
			<marc:subfield code="2">pe</marc:subfield>
		</marc:datafield>
		<marc:datafield tag="031" ind1=" " ind2=" ">
			<marc:subfield code="a">1</marc:subfield>
			<marc:subfield code="b">6</marc:subfield>
			<marc:subfield code="c">2</marc:subfield>
			<marc:subfield code="g">G-2</marc:subfield>
			<marc:subfield code="m">vl 2</marc:subfield>
			<marc:subfield code="o">c/</marc:subfield>
			<marc:subfield code="p">2-&#39;&#39;C/4&#39;BABB/&#39;&#39;C&#39;G8--4&#39;&#39;C/&#39;BABB/2&#39;&#39;C4CD/</marc:subfield>
			<marc:subfield code="r">C</marc:subfield>
			<marc:subfield code="2">pe</marc:subfield>
		</marc:datafield>
		<marc:datafield tag="031" ind1=" " ind2=" ">
			<marc:subfield code="a">1</marc:subfield>
			<marc:subfield code="b">7</marc:subfield>
			<marc:subfield code="c">1</marc:subfield>
			<marc:subfield code="g">C-1</marc:subfield>
			<marc:subfield code="m">S</marc:subfield>
			<marc:subfield code="o">c/</marc:subfield>
			<marc:subfield code="p">=2/8-&#39;&#39;EED8.C6&#39;B4A/8A6B&#39;&#39;C4&#39;xGA-/=2/8-&#39;&#39;EED8.C6&#39;B4A/</marc:subfield>
			<marc:subfield code="r">a</marc:subfield>
			<marc:subfield code="t">Suscepit Israel puerum suum, recordatus misericordiae suae</marc:subfield>
			<marc:subfield code="2">pe</marc:subfield>
		</marc:datafield>
		<marc:datafield tag="031" ind1=" " ind2=" ">
			<marc:subfield code="a">1</marc:subfield>
			<marc:subfield code="b">7</marc:subfield>
			<marc:subfield code="c">2</marc:subfield>
			<marc:subfield code="g">F-4</marc:subfield>
			<marc:subfield code="m">org</marc:subfield>
			<marc:subfield code="o">c/</marc:subfield>
			<marc:subfield code="p">8{,,A,AxGE}-{AFD}/-{GEC}-{FDE}/-{,,A,AG}-{GEC}/-{AxGA}-{BGE}/</marc:subfield>
			<marc:subfield code="r">a</marc:subfield>
			<marc:subfield code="2">pe</marc:subfield>
		</marc:datafield>
		<marc:datafield tag="031" ind1=" " ind2=" ">
			<marc:subfield code="a">1</marc:subfield>
			<marc:subfield code="b">8</marc:subfield>
			<marc:subfield code="c">1</marc:subfield>
			<marc:subfield code="g">C-1</marc:subfield>
			<marc:subfield code="m">S</marc:subfield>
			<marc:subfield code="o">3/4</marc:subfield>
			<marc:subfield code="p">4&#39;&#39;CCC/4.D8D4D/CCD/CC-/=1/DDD/4.D8D4D/</marc:subfield>
			<marc:subfield code="r">C</marc:subfield>
			<marc:subfield code="t">Sicut locutus est, ad patres nostros</marc:subfield>
			<marc:subfield code="2">pe</marc:subfield>
		</marc:datafield>
		<marc:datafield tag="031" ind1=" " ind2=" ">
			<marc:subfield code="a">1</marc:subfield>
			<marc:subfield code="b">8</marc:subfield>
			<marc:subfield code="c">2</marc:subfield>
			<marc:subfield code="g">G-2</marc:subfield>
			<marc:subfield code="m">vl 2</marc:subfield>
			<marc:subfield code="o">3/4</marc:subfield>
			<marc:subfield code="p">4&#39;&#39;CEC/2&#39;B4B/&#39;&#39;CC&#39;B/&#39;&#39;CC-/=1/&#39;BBB/4.A8G4A/</marc:subfield>
			<marc:subfield code="r">C</marc:subfield>
			<marc:subfield code="2">pe</marc:subfield>
		</marc:datafield>
		<marc:datafield tag="031" ind1=" " ind2=" ">
			<marc:subfield code="a">1</marc:subfield>
			<marc:subfield code="b">9</marc:subfield>
			<marc:subfield code="c">1</marc:subfield>
			<marc:subfield code="g">C-1</marc:subfield>
			<marc:subfield code="m">S</marc:subfield>
			<marc:subfield code="o">6/8</marc:subfield>
			<marc:subfield code="p">=3/6{&#39;&#39;DEDC&#39;BA}8.B6&#39;&#39;C8D/8.&#39;B6A8&#39;G2-/=1/8-&#39;&#39;CC8.D6D8D/</marc:subfield>
			<marc:subfield code="r">C</marc:subfield>
			<marc:subfield code="t">Gloria Patri</marc:subfield>
			<marc:subfield code="2">pe</marc:subfield>
		</marc:datafield>
		<marc:datafield tag="031" ind1=" " ind2=" ">
			<marc:subfield code="a">1</marc:subfield>
			<marc:subfield code="b">9</marc:subfield>
			<marc:subfield code="c">2</marc:subfield>
			<marc:subfield code="g">G-2</marc:subfield>
			<marc:subfield code="m">vl 2</marc:subfield>
			<marc:subfield code="o">6/8</marc:subfield>
			<marc:subfield code="p">=4/2-{6B&#39;&#39;C&#39;BAGF}/{8.G6AB}4xF8G/-{&#39;&#39;CC}{&#39;BGB}/4&#39;&#39;C8C-{CC}/</marc:subfield>
			<marc:subfield code="r">C</marc:subfield>
			<marc:subfield code="2">pe</marc:subfield>
		</marc:datafield>
		<marc:datafield tag="040" ind1=" " ind2=" ">
			<marc:subfield code="a">DE-633</marc:subfield>
			<marc:subfield code="b">eng</marc:subfield>
		</marc:datafield>
		<marc:datafield tag="041" ind1="0" ind2=" ">
			<marc:subfield code="a">lat</marc:subfield>
		</marc:datafield>
		<marc:datafield tag="100" ind1="1" ind2=" ">
			<marc:subfield code="a">Anonymus</marc:subfield>
			<marc:subfield code="0">30004985</marc:subfield>
		</marc:datafield>
		<marc:datafield tag="240" ind1="1" ind2="0">
			<marc:subfield code="a">Magnificat</marc:subfield>
			<marc:subfield code="m">V (4), orch, bc</marc:subfield>
			<marc:subfield code="r">C</marc:subfield>
			<marc:subfield code="0">3017543</marc:subfield>
		</marc:datafield>
		<marc:datafield tag="245" ind1="1" ind2="0">
			<marc:subfield code="a">[title page:] Magnificat | a 8 | Canto Alto Tenore Basso | Violin 2. | Clarino Solo | Cum Basso continuo</marc:subfield>
		</marc:datafield>
		<marc:datafield tag="260" ind1=" " ind2=" ">
			<marc:subfield code="c">ca. 1740</marc:subfield>
			<marc:subfield code="8">01</marc:subfield>
		</marc:datafield>
		<marc:datafield tag="300" ind1=" " ind2=" ">
			<marc:subfield code="a">6 parts</marc:subfield>
			<marc:subfield code="c">20 x 16 cm</marc:subfield>
			<marc:subfield code="8">01</marc:subfield>
		</marc:datafield>
		<marc:datafield tag="500" ind1=" " ind2=" ">
			<marc:subfield code="a">T part missing</marc:subfield>
			<marc:subfield code="8">01</marc:subfield>
		</marc:datafield>
		<marc:datafield tag="500" ind1=" " ind2=" ">
			<marc:subfield code="a">Inscriptions on the title page: &quot;ex C&quot; in the upper right corner; &quot;Ecclesiae P[a]r[o]ch[ia]li Racoviensi Sacrum | Raptori Sacrilegium.&quot; at the bottom.</marc:subfield>
		</marc:datafield>
		<marc:datafield tag="590" ind1=" " ind2=" ">
			<marc:subfield code="a">S, A, B</marc:subfield>
			<marc:subfield code="b">2, 2, 2 f.</marc:subfield>
			<marc:subfield code="8">01</marc:subfield>
		</marc:datafield>
		<marc:datafield tag="590" ind1=" " ind2=" ">
			<marc:subfield code="a">vl 2</marc:subfield>
			<marc:subfield code="b">1 f.</marc:subfield>
			<marc:subfield code="8">01</marc:subfield>
		</marc:datafield>
		<marc:datafield tag="590" ind1=" " ind2=" ">
			<marc:subfield code="a">clno solo</marc:subfield>
			<marc:subfield code="b">1 f.</marc:subfield>
			<marc:subfield code="8">01</marc:subfield>
		</marc:datafield>
		<marc:datafield tag="590" ind1=" " ind2=" ">
			<marc:subfield code="a">org (= bc.fig)</marc:subfield>
			<marc:subfield code="b">2 f.</marc:subfield>
			<marc:subfield code="8">01</marc:subfield>
		</marc:datafield>
		<marc:datafield tag="593" ind1=" " ind2=" ">
			<marc:subfield code="a">Manuscript copy</marc:subfield>
			<marc:subfield code="b">Notated music</marc:subfield>
			<marc:subfield code="8">01</marc:subfield>
		</marc:datafield>
		<marc:datafield tag="594" ind1=" " ind2=" ">
			<marc:subfield code="b">S</marc:subfield>
			<marc:subfield code="c">1</marc:subfield>
		</marc:datafield>
		<marc:datafield tag="594" ind1=" " ind2=" ">
			<marc:subfield code="b">A</marc:subfield>
			<marc:subfield code="c">1</marc:subfield>
		</marc:datafield>
		<marc:datafield tag="594" ind1=" " ind2=" ">
			<marc:subfield code="b">T</marc:subfield>
			<marc:subfield code="c">1</marc:subfield>
		</marc:datafield>
		<marc:datafield tag="594" ind1=" " ind2=" ">
			<marc:subfield code="b">B</marc:subfield>
			<marc:subfield code="c">1</marc:subfield>
		</marc:datafield>
		<marc:datafield tag="594" ind1=" " ind2=" ">
			<marc:subfield code="b">vl</marc:subfield>
			<marc:subfield code="c">2</marc:subfield>
		</marc:datafield>
		<marc:datafield tag="594" ind1=" " ind2=" ">
			<marc:subfield code="b">clno solo</marc:subfield>
			<marc:subfield code="c">1</marc:subfield>
		</marc:datafield>
		<marc:datafield tag="594" ind1=" " ind2=" ">
			<marc:subfield code="b">bc</marc:subfield>
			<marc:subfield code="c">1</marc:subfield>
		</marc:datafield>
		<marc:datafield tag="594" ind1=" " ind2=" ">
			<marc:subfield code="a">S, A, T, B, vl (2), clno solo, bc</marc:subfield>
		</marc:datafield>
		<marc:datafield tag="599" ind1=" " ind2=" ">
			<marc:subfield code="b">full</marc:subfield>
		</marc:datafield>
		<marc:datafield tag="650" ind1="0" ind2="7">
			<marc:subfield code="a">Canticles</marc:subfield>
			<marc:subfield code="0">25478</marc:subfield>
		</marc:datafield>
		<marc:datafield tag="650" ind1="0" ind2="7">
			<marc:subfield code="a">Canticles</marc:subfield>
			<marc:subfield code="0">25478</marc:subfield>
		</marc:datafield>
		<marc:datafield tag="691" ind1=" " ind2="7">
			<marc:subfield code="a">PatalasR 2008</marc:subfield>
			<marc:subfield code="n">p. 63</marc:subfield>
			<marc:subfield code="0">41002059</marc:subfield>
		</marc:datafield>
		<marc:datafield tag="700" ind1="1" ind2=" ">
			<marc:subfield code="a">Copyist A from Raków</marc:subfield>
			<marc:subfield code="d">18.sc</marc:subfield>
			<marc:subfield code="j">Ascertained</marc:subfield>
			<marc:subfield code="0">41025077</marc:subfield>
			<marc:subfield code="4">scr</marc:subfield>
		</marc:datafield>
		<marc:datafield tag="710" ind1="2" ind2=" ">
			<marc:subfield code="a">Kościół św. Trójcy w Rakowie, Archiwum</marc:subfield>
			<marc:subfield code="c">Raków</marc:subfield>
			<marc:subfield code="g">Ascertained</marc:subfield>
			<marc:subfield code="0">30002096</marc:subfield>
			<marc:subfield code="4">fmo</marc:subfield>
		</marc:datafield>
		<marc:datafield tag="852" ind1=" " ind2=" ">
			<marc:subfield code="a">PL-R</marc:subfield>
			<marc:subfield code="c">RAp-51</marc:subfield>
			<marc:subfield code="e">Kościół św. Trójcy w Rakowie, Archiwum</marc:subfield>
			<marc:subfield code="x">30002096</marc:subfield>
		</marc:datafield>
		<marc:datafield tag="980" ind1=" " ind2=" ">
			<marc:subfield code="a">RISM</marc:subfield>
			<marc:subfield code="c">examined</marc:subfield>
		</marc:datafield>
	</marc:record>