

	<marc:record>
		<marc:leader>00000ndm a2200000 u 4500</marc:leader>
		<marc:controlfield tag="001">1001086035</marc:controlfield>
		<marc:controlfield tag="003">DE-633</marc:controlfield>
		<marc:datafield tag="031" ind1=" " ind2=" ">
			<marc:subfield code="a">1</marc:subfield>
			<marc:subfield code="b">1</marc:subfield>
			<marc:subfield code="c">1</marc:subfield>
			<marc:subfield code="d">Adagio</marc:subfield>
			<marc:subfield code="g">C-1</marc:subfield>
			<marc:subfield code="m">S</marc:subfield>
			<marc:subfield code="o">c/</marc:subfield>
			<marc:subfield code="p">2.&#39;&#39;C4&#39;B/&#39;&#39;C8-C4&#39;B&#39;&#39;C/2D4CE/4.D{6C&#39;B}4&#39;&#39;C8&#39;B&#39;&#39;C/1C/</marc:subfield>
			<marc:subfield code="r">C</marc:subfield>
			<marc:subfield code="t">Kyrie, eleison Christe eleison Kyrie eleison</marc:subfield>
			<marc:subfield code="2">pe</marc:subfield>
		</marc:datafield>
		<marc:datafield tag="031" ind1=" " ind2=" ">
			<marc:subfield code="a">1</marc:subfield>
			<marc:subfield code="b">1</marc:subfield>
			<marc:subfield code="c">2</marc:subfield>
			<marc:subfield code="d">Adagio</marc:subfield>
			<marc:subfield code="g">G-2</marc:subfield>
			<marc:subfield code="m">vl 1</marc:subfield>
			<marc:subfield code="o">c/</marc:subfield>
			<marc:subfield code="p">2.&#39;&#39;G4A/G8-A4FG/2F4EG/2.G{8FE}/4AG2F/4F{8GA}2G/</marc:subfield>
			<marc:subfield code="r">C</marc:subfield>
			<marc:subfield code="2">pe</marc:subfield>
		</marc:datafield>
		<marc:datafield tag="031" ind1=" " ind2=" ">
			<marc:subfield code="a">1</marc:subfield>
			<marc:subfield code="b">2</marc:subfield>
			<marc:subfield code="c">1</marc:subfield>
			<marc:subfield code="g">C-1</marc:subfield>
			<marc:subfield code="m">S</marc:subfield>
			<marc:subfield code="o">c/</marc:subfield>
			<marc:subfield code="p">4-6-{GAB}{&#39;&#39;C&#39;B&#39;&#39;CD}{EDC&#39;B}/8&#39;&#39;C6CC6-{&#39;GAB}{&#39;&#39;C&#39;B&#39;&#39;CD}{EDC&#39;B}/8&#39;&#39;C6CC8-6DE8FF-6EE/</marc:subfield>
			<marc:subfield code="r">C</marc:subfield>
			<marc:subfield code="t">Gloria, in excelsis Deo et in terra pax</marc:subfield>
			<marc:subfield code="2">pe</marc:subfield>
		</marc:datafield>
		<marc:datafield tag="031" ind1=" " ind2=" ">
			<marc:subfield code="a">1</marc:subfield>
			<marc:subfield code="b">2</marc:subfield>
			<marc:subfield code="c">2</marc:subfield>
			<marc:subfield code="g">G-2</marc:subfield>
			<marc:subfield code="m">vl 1</marc:subfield>
			<marc:subfield code="o">c/</marc:subfield>
			<marc:subfield code="p">6{&#39;C&#39;&#39;CCC}{C&#39;CCC}4C-/{6&#39;&#39;C&#39;&#39;&#39;CCC}{C&#39;&#39;CCC}4C-/6{GGGG}{GGGG}{FFFF}{GGGG}/</marc:subfield>
			<marc:subfield code="r">C</marc:subfield>
			<marc:subfield code="2">pe</marc:subfield>
		</marc:datafield>
		<marc:datafield tag="031" ind1=" " ind2=" ">
			<marc:subfield code="a">1</marc:subfield>
			<marc:subfield code="b">3</marc:subfield>
			<marc:subfield code="c">1</marc:subfield>
			<marc:subfield code="g">C-1</marc:subfield>
			<marc:subfield code="m">S</marc:subfield>
			<marc:subfield code="o">6/8</marc:subfield>
			<marc:subfield code="p">4&#39;&#39;C8DEDC/4&#39;B8&#39;&#39;C4D8&#39;G/=1/4&#39;&#39;C8DEDC/4&#39;B8&#39;&#39;C4D8&#39;G/</marc:subfield>
			<marc:subfield code="r">C</marc:subfield>
			<marc:subfield code="t">Credo, in unum Deum patrem omnipotentem</marc:subfield>
			<marc:subfield code="2">pe</marc:subfield>
		</marc:datafield>
		<marc:datafield tag="031" ind1=" " ind2=" ">
			<marc:subfield code="a">1</marc:subfield>
			<marc:subfield code="b">3</marc:subfield>
			<marc:subfield code="c">2</marc:subfield>
			<marc:subfield code="g">G-2</marc:subfield>
			<marc:subfield code="m">vl 1</marc:subfield>
			<marc:subfield code="o">6/8</marc:subfield>
			<marc:subfield code="p">8{&#39;&#39;G6EFGA}{8G6AGFE}/{8DGGGGG}/{G&#39;&#39;&#39;C&#39;&#39;B}{&#39;&#39;&#39;C&#39;&#39;BA}/{G6EFGA}{8G6AGFE}/</marc:subfield>
			<marc:subfield code="r">C</marc:subfield>
			<marc:subfield code="2">pe</marc:subfield>
		</marc:datafield>
		<marc:datafield tag="031" ind1=" " ind2=" ">
			<marc:subfield code="a">1</marc:subfield>
			<marc:subfield code="b">4</marc:subfield>
			<marc:subfield code="c">1</marc:subfield>
			<marc:subfield code="g">C-1</marc:subfield>
			<marc:subfield code="m">S</marc:subfield>
			<marc:subfield code="o">c/</marc:subfield>
			<marc:subfield code="p">2-4-&#39;&#39;C+/C8{&#39;BA}4.G6A/4BBAB/G8{B&#39;&#39;C4}DD/&#39;A2&#39;&#39;D4C/</marc:subfield>
			<marc:subfield code="r">C</marc:subfield>
			<marc:subfield code="t">Sanctus, Dominus Deus Sabaoth</marc:subfield>
			<marc:subfield code="2">pe</marc:subfield>
		</marc:datafield>
		<marc:datafield tag="031" ind1=" " ind2=" ">
			<marc:subfield code="a">1</marc:subfield>
			<marc:subfield code="b">4</marc:subfield>
			<marc:subfield code="c">2</marc:subfield>
			<marc:subfield code="g">G-2</marc:subfield>
			<marc:subfield code="m">vl 1</marc:subfield>
			<marc:subfield code="o">c/</marc:subfield>
			<marc:subfield code="p">2-&#39;&#39;G/4FGEF/G-2-/-4-G/xFAGF/</marc:subfield>
			<marc:subfield code="r">C</marc:subfield>
			<marc:subfield code="2">pe</marc:subfield>
		</marc:datafield>
		<marc:datafield tag="031" ind1=" " ind2=" ">
			<marc:subfield code="a">1</marc:subfield>
			<marc:subfield code="b">5</marc:subfield>
			<marc:subfield code="c">1</marc:subfield>
			<marc:subfield code="g">C-1</marc:subfield>
			<marc:subfield code="m">S</marc:subfield>
			<marc:subfield code="o">c/</marc:subfield>
			<marc:subfield code="p">=9/8&#39;&#39;CDED2-/-8CDE6DE/8F6FE8DC&#39;BG4-/</marc:subfield>
			<marc:subfield code="r">C</marc:subfield>
			<marc:subfield code="t">Agnus Dei, qui tollis peccata mundi miserere nobis</marc:subfield>
			<marc:subfield code="2">pe</marc:subfield>
		</marc:datafield>
		<marc:datafield tag="031" ind1=" " ind2=" ">
			<marc:subfield code="a">1</marc:subfield>
			<marc:subfield code="b">5</marc:subfield>
			<marc:subfield code="c">2</marc:subfield>
			<marc:subfield code="g">G-2</marc:subfield>
			<marc:subfield code="m">vl 1</marc:subfield>
			<marc:subfield code="o">c/</marc:subfield>
			<marc:subfield code="p">8{&#39;&#39;E6FG}4A{8D6EF}4G/8{C6DE}{8FE}{DC&#39;BG}/2-{&#39;&#39;8E6FG}4A/8D6{EF}4G2-/</marc:subfield>
			<marc:subfield code="r">C</marc:subfield>
			<marc:subfield code="2">pe</marc:subfield>
		</marc:datafield>
		<marc:datafield tag="040" ind1=" " ind2=" ">
			<marc:subfield code="a">DE-633</marc:subfield>
			<marc:subfield code="b">eng</marc:subfield>
		</marc:datafield>
		<marc:datafield tag="041" ind1="0" ind2=" ">
			<marc:subfield code="a">lat</marc:subfield>
		</marc:datafield>
		<marc:datafield tag="100" ind1="1" ind2=" ">
			<marc:subfield code="a">Anonymus</marc:subfield>
			<marc:subfield code="0">30004985</marc:subfield>
		</marc:datafield>
		<marc:datafield tag="240" ind1="1" ind2="0">
			<marc:subfield code="a">Mass</marc:subfield>
			<marc:subfield code="m">V (4), orch, org</marc:subfield>
			<marc:subfield code="r">C</marc:subfield>
			<marc:subfield code="0">50274941</marc:subfield>
		</marc:datafield>
		<marc:datafield tag="245" ind1="1" ind2="0">
			<marc:subfield code="a">[cover title:] Missa Aestivalis | a 9. | Canto Alto Tenore Basso | 2. Wiol. [!] | 2. Clar. | Con Basso pro Organo.</marc:subfield>
		</marc:datafield>
		<marc:datafield tag="260" ind1=" " ind2=" ">
			<marc:subfield code="c">1735-1745</marc:subfield>
			<marc:subfield code="8">01</marc:subfield>
		</marc:datafield>
		<marc:datafield tag="300" ind1=" " ind2=" ">
			<marc:subfield code="a">8 parts</marc:subfield>
			<marc:subfield code="c">19,5 x 16,5 cm</marc:subfield>
			<marc:subfield code="8">01</marc:subfield>
		</marc:datafield>
		<marc:datafield tag="500" ind1=" " ind2=" ">
			<marc:subfield code="a">clno 2 part missing</marc:subfield>
			<marc:subfield code="8">01</marc:subfield>
		</marc:datafield>
		<marc:datafield tag="500" ind1=" " ind2=" ">
			<marc:subfield code="a">Inscriptions on the title page: &quot;No&#39; 6&quot; at the top; &quot;ex C&quot; in the upper right corner; &quot;Ecclesiae Parochiali Racoviensi Sacrum | Raptori Sacrilegium.&quot; at the bottom of the title page.</marc:subfield>
		</marc:datafield>
		<marc:datafield tag="500" ind1=" " ind2=" ">
			<marc:subfield code="a">Inscriptions at the end of: S, T: &quot;F. R. F. ord[inis] Praed[icatorum] mpp&quot;; A: &quot;F. R. F. Ord[inis] Praed[icatorum]. | mpp&quot;; B: F. R. F. | ordinis praedicatorum | mpp&quot;; vl 1: &quot;F. R. F. ord[inis]. Praed[icatorum] mpp.&quot;; vl 2: &quot;A. M. D. G. B. M. V. H. | F. R. F. ord[ini]s P[r]ae[dicatorum] mpp&quot;.</marc:subfield>
		</marc:datafield>
		<marc:datafield tag="590" ind1=" " ind2=" ">
			<marc:subfield code="a">S, A, T, B</marc:subfield>
			<marc:subfield code="b">4, 4, 4, 4 f.</marc:subfield>
			<marc:subfield code="8">01</marc:subfield>
		</marc:datafield>
		<marc:datafield tag="590" ind1=" " ind2=" ">
			<marc:subfield code="a">vl 1, 2</marc:subfield>
			<marc:subfield code="b">4, 4 f.</marc:subfield>
			<marc:subfield code="8">01</marc:subfield>
		</marc:datafield>
		<marc:datafield tag="590" ind1=" " ind2=" ">
			<marc:subfield code="a">clno 1</marc:subfield>
			<marc:subfield code="b">2 f.</marc:subfield>
			<marc:subfield code="8">01</marc:subfield>
		</marc:datafield>
		<marc:datafield tag="590" ind1=" " ind2=" ">
			<marc:subfield code="a">org (= bc.fig)</marc:subfield>
			<marc:subfield code="b">4 f.</marc:subfield>
			<marc:subfield code="8">01</marc:subfield>
		</marc:datafield>
		<marc:datafield tag="593" ind1=" " ind2=" ">
			<marc:subfield code="a">Manuscript copy</marc:subfield>
			<marc:subfield code="b">Notated music</marc:subfield>
			<marc:subfield code="8">01</marc:subfield>
		</marc:datafield>
		<marc:datafield tag="594" ind1=" " ind2=" ">
			<marc:subfield code="b">S</marc:subfield>
			<marc:subfield code="c">1</marc:subfield>
		</marc:datafield>
		<marc:datafield tag="594" ind1=" " ind2=" ">
			<marc:subfield code="b">A</marc:subfield>
			<marc:subfield code="c">1</marc:subfield>
		</marc:datafield>
		<marc:datafield tag="594" ind1=" " ind2=" ">
			<marc:subfield code="b">T</marc:subfield>
			<marc:subfield code="c">1</marc:subfield>
		</marc:datafield>
		<marc:datafield tag="594" ind1=" " ind2=" ">
			<marc:subfield code="b">B</marc:subfield>
			<marc:subfield code="c">1</marc:subfield>
		</marc:datafield>
		<marc:datafield tag="594" ind1=" " ind2=" ">
			<marc:subfield code="b">vl</marc:subfield>
			<marc:subfield code="c">2</marc:subfield>
		</marc:datafield>
		<marc:datafield tag="594" ind1=" " ind2=" ">
			<marc:subfield code="b">clno</marc:subfield>
			<marc:subfield code="c">2</marc:subfield>
		</marc:datafield>
		<marc:datafield tag="594" ind1=" " ind2=" ">
			<marc:subfield code="b">org</marc:subfield>
			<marc:subfield code="c">1</marc:subfield>
		</marc:datafield>
		<marc:datafield tag="594" ind1=" " ind2=" ">
			<marc:subfield code="a">S, A, T, B, vl (2), clno (2), org</marc:subfield>
		</marc:datafield>
		<marc:datafield tag="599" ind1=" " ind2=" ">
			<marc:subfield code="b">full</marc:subfield>
		</marc:datafield>
		<marc:datafield tag="650" ind1="0" ind2="7">
			<marc:subfield code="a">Masses</marc:subfield>
			<marc:subfield code="0">25133</marc:subfield>
		</marc:datafield>
		<marc:datafield tag="691" ind1=" " ind2="7">
			<marc:subfield code="a">PatalasR 2008</marc:subfield>
			<marc:subfield code="n">p. 63</marc:subfield>
			<marc:subfield code="0">41002059</marc:subfield>
		</marc:datafield>
		<marc:datafield tag="700" ind1="1" ind2=" ">
			<marc:subfield code="a">F. R. F.</marc:subfield>
			<marc:subfield code="j">Ascertained</marc:subfield>
			<marc:subfield code="0">30040927</marc:subfield>
			<marc:subfield code="4">scr</marc:subfield>
		</marc:datafield>
		<marc:datafield tag="710" ind1="2" ind2=" ">
			<marc:subfield code="a">Kościół św. Trójcy w Rakowie, Archiwum</marc:subfield>
			<marc:subfield code="c">Raków</marc:subfield>
			<marc:subfield code="g">Ascertained</marc:subfield>
			<marc:subfield code="0">30002096</marc:subfield>
			<marc:subfield code="4">fmo</marc:subfield>
		</marc:datafield>
		<marc:datafield tag="730" ind1="0" ind2=" ">
			<marc:subfield code="a">Missa Aestivalis</marc:subfield>
			<marc:subfield code="g">RISM</marc:subfield>
			<marc:subfield code="0">50281254</marc:subfield>
		</marc:datafield>
		<marc:datafield tag="852" ind1=" " ind2=" ">
			<marc:subfield code="a">PL-R</marc:subfield>
			<marc:subfield code="c">RAp-52</marc:subfield>
			<marc:subfield code="e">Kościół św. Trójcy w Rakowie, Archiwum</marc:subfield>
			<marc:subfield code="x">30002096</marc:subfield>
		</marc:datafield>
		<marc:datafield tag="980" ind1=" " ind2=" ">
			<marc:subfield code="a">RISM</marc:subfield>
			<marc:subfield code="c">examined</marc:subfield>
		</marc:datafield>
	</marc:record>