

	<marc:record>
		<marc:leader>00000ndm a2200000 u 4500</marc:leader>
		<marc:controlfield tag="001">1001087032</marc:controlfield>
		<marc:controlfield tag="003">DE-633</marc:controlfield>
		<marc:datafield tag="031" ind1=" " ind2=" ">
			<marc:subfield code="a">1</marc:subfield>
			<marc:subfield code="b">1</marc:subfield>
			<marc:subfield code="c">1</marc:subfield>
			<marc:subfield code="d">Grave</marc:subfield>
			<marc:subfield code="g">C-4</marc:subfield>
			<marc:subfield code="m">T</marc:subfield>
			<marc:subfield code="n">xFC</marc:subfield>
			<marc:subfield code="o">c</marc:subfield>
			<marc:subfield code="p">4.,A8&#39;D4DE/,A8BA4xG8AA/4xG2A4G/A8AA4A8&#39;CC/</marc:subfield>
			<marc:subfield code="r">D</marc:subfield>
			<marc:subfield code="t">Kyrie, eleison Christe eleison Kyrie eleison</marc:subfield>
			<marc:subfield code="2">pe</marc:subfield>
		</marc:datafield>
		<marc:datafield tag="040" ind1=" " ind2=" ">
			<marc:subfield code="a">DE-633</marc:subfield>
			<marc:subfield code="b">eng</marc:subfield>
		</marc:datafield>
		<marc:datafield tag="041" ind1="0" ind2=" ">
			<marc:subfield code="a">lat</marc:subfield>
		</marc:datafield>
		<marc:datafield tag="100" ind1="1" ind2=" ">
			<marc:subfield code="a">Anonymus</marc:subfield>
			<marc:subfield code="0">30004985</marc:subfield>
		</marc:datafield>
		<marc:datafield tag="240" ind1="1" ind2="0">
			<marc:subfield code="a">Litany</marc:subfield>
			<marc:subfield code="r">D</marc:subfield>
			<marc:subfield code="0">50279884</marc:subfield>
		</marc:datafield>
		<marc:datafield tag="245" ind1="1" ind2="0">
			<marc:subfield code="a">[without title]</marc:subfield>
		</marc:datafield>
		<marc:datafield tag="260" ind1=" " ind2=" ">
			<marc:subfield code="c">1735-1745</marc:subfield>
			<marc:subfield code="8">01</marc:subfield>
		</marc:datafield>
		<marc:datafield tag="300" ind1=" " ind2=" ">
			<marc:subfield code="a">1 part</marc:subfield>
			<marc:subfield code="c">22 x 17 cm</marc:subfield>
			<marc:subfield code="8">01</marc:subfield>
		</marc:datafield>
		<marc:datafield tag="500" ind1=" " ind2=" ">
			<marc:subfield code="a">other parts missing</marc:subfield>
			<marc:subfield code="8">01</marc:subfield>
		</marc:datafield>
		<marc:datafield tag="590" ind1=" " ind2=" ">
			<marc:subfield code="a">T</marc:subfield>
			<marc:subfield code="b">2 f.</marc:subfield>
			<marc:subfield code="8">01</marc:subfield>
		</marc:datafield>
		<marc:datafield tag="593" ind1=" " ind2=" ">
			<marc:subfield code="a">Manuscript copy</marc:subfield>
			<marc:subfield code="b">Notated music</marc:subfield>
			<marc:subfield code="8">01</marc:subfield>
		</marc:datafield>
		<marc:datafield tag="594" ind1=" " ind2=" ">
			<marc:subfield code="b">no indication</marc:subfield>
		</marc:datafield>
		<marc:datafield tag="594" ind1=" " ind2=" ">
			<marc:subfield code="a">no indication</marc:subfield>
		</marc:datafield>
		<marc:datafield tag="599" ind1=" " ind2=" ">
			<marc:subfield code="b">full</marc:subfield>
		</marc:datafield>
		<marc:datafield tag="650" ind1="0" ind2="7">
			<marc:subfield code="a">Litanies</marc:subfield>
			<marc:subfield code="0">25137</marc:subfield>
		</marc:datafield>
		<marc:datafield tag="691" ind1=" " ind2="7">
			<marc:subfield code="a">PatalasR 2008</marc:subfield>
			<marc:subfield code="n">p. 65</marc:subfield>
			<marc:subfield code="0">41002059</marc:subfield>
		</marc:datafield>
		<marc:datafield tag="730" ind1="0" ind2=" ">
			<marc:subfield code="a">Litaniae de SS Trinitate</marc:subfield>
			<marc:subfield code="g">RISM</marc:subfield>
			<marc:subfield code="0">4220570</marc:subfield>
		</marc:datafield>
		<marc:datafield tag="852" ind1=" " ind2=" ">
			<marc:subfield code="a">PL-R</marc:subfield>
			<marc:subfield code="c">RAp-59</marc:subfield>
			<marc:subfield code="e">Kościół św. Trójcy w Rakowie, Archiwum</marc:subfield>
			<marc:subfield code="x">30002096</marc:subfield>
		</marc:datafield>
		<marc:datafield tag="980" ind1=" " ind2=" ">
			<marc:subfield code="a">RISM</marc:subfield>
			<marc:subfield code="c">examined</marc:subfield>
		</marc:datafield>
	</marc:record>