

	<marc:record>
		<marc:leader>00000ndm a2200000 u 4500</marc:leader>
		<marc:controlfield tag="001">1001086064</marc:controlfield>
		<marc:controlfield tag="003">DE-633</marc:controlfield>
		<marc:datafield tag="031" ind1=" " ind2=" ">
			<marc:subfield code="a">1</marc:subfield>
			<marc:subfield code="b">1</marc:subfield>
			<marc:subfield code="c">1</marc:subfield>
			<marc:subfield code="g">C-1</marc:subfield>
			<marc:subfield code="m">S</marc:subfield>
			<marc:subfield code="n">bBE</marc:subfield>
			<marc:subfield code="o">6/8</marc:subfield>
			<marc:subfield code="p">8&#39;&#39;DDD8.6CC8F/8.6EE8E8.D6D8C/=2/8DDD8.6CC8F/8.6EE8E8.6DD8C/</marc:subfield>
			<marc:subfield code="r">B|b</marc:subfield>
			<marc:subfield code="t">Te Joseph celebrent agmina caelitum</marc:subfield>
			<marc:subfield code="2">pe</marc:subfield>
		</marc:datafield>
		<marc:datafield tag="031" ind1=" " ind2=" ">
			<marc:subfield code="a">1</marc:subfield>
			<marc:subfield code="b">1</marc:subfield>
			<marc:subfield code="c">2</marc:subfield>
			<marc:subfield code="g">G-2</marc:subfield>
			<marc:subfield code="m">vl 1</marc:subfield>
			<marc:subfield code="n">bBE</marc:subfield>
			<marc:subfield code="o">6/8</marc:subfield>
			<marc:subfield code="p">{8&#39;&#39;DFD}4C8F/{8.6EE8E}4D8C/{8F6GF8G}{E6FE8F}/{8D6ED8E}{C6DC8D}/{8DFD}4C8F/</marc:subfield>
			<marc:subfield code="r">B|b</marc:subfield>
			<marc:subfield code="2">pe</marc:subfield>
		</marc:datafield>
		<marc:datafield tag="040" ind1=" " ind2=" ">
			<marc:subfield code="a">DE-633</marc:subfield>
			<marc:subfield code="b">eng</marc:subfield>
		</marc:datafield>
		<marc:datafield tag="041" ind1="0" ind2=" ">
			<marc:subfield code="a">lat</marc:subfield>
		</marc:datafield>
		<marc:datafield tag="100" ind1="1" ind2=" ">
			<marc:subfield code="a">Rathgeber, Johann Valentin</marc:subfield>
			<marc:subfield code="d">1682-1750</marc:subfield>
			<marc:subfield code="j">Ascertained</marc:subfield>
			<marc:subfield code="0">30002639</marc:subfield>
		</marc:datafield>
		<marc:datafield tag="240" ind1="1" ind2="0">
			<marc:subfield code="a">Te Joseph celebrent</marc:subfield>
			<marc:subfield code="r">B|b</marc:subfield>
			<marc:subfield code="0">3906813</marc:subfield>
		</marc:datafield>
		<marc:datafield tag="245" ind1="1" ind2="0">
			<marc:subfield code="a">[without title]</marc:subfield>
		</marc:datafield>
		<marc:datafield tag="260" ind1=" " ind2=" ">
			<marc:subfield code="c">ca. 1740</marc:subfield>
			<marc:subfield code="8">01</marc:subfield>
		</marc:datafield>
		<marc:datafield tag="300" ind1=" " ind2=" ">
			<marc:subfield code="a">7 parts</marc:subfield>
			<marc:subfield code="c">21,5 (11) x 17 (17) cm</marc:subfield>
			<marc:subfield code="8">01</marc:subfield>
		</marc:datafield>
		<marc:datafield tag="500" ind1=" " ind2=" ">
			<marc:subfield code="a">other parts missing</marc:subfield>
			<marc:subfield code="8">01</marc:subfield>
		</marc:datafield>
		<marc:datafield tag="500" ind1=" " ind2=" ">
			<marc:subfield code="a">Inscription &quot;AdmD Glm&quot; at the end of each part.</marc:subfield>
		</marc:datafield>
		<marc:datafield tag="500" ind1=" " ind2=" ">
			<marc:subfield code="a">Composer identified by Aleksandra Patalas on the basis of RISM Series A/I.</marc:subfield>
		</marc:datafield>
		<marc:datafield tag="590" ind1=" " ind2=" ">
			<marc:subfield code="a">S, A, T, B</marc:subfield>
			<marc:subfield code="b">1, 1, 1, 1 f.</marc:subfield>
			<marc:subfield code="8">01</marc:subfield>
		</marc:datafield>
		<marc:datafield tag="590" ind1=" " ind2=" ">
			<marc:subfield code="a">vl 1</marc:subfield>
			<marc:subfield code="b">1 f.</marc:subfield>
			<marc:subfield code="8">01</marc:subfield>
		</marc:datafield>
		<marc:datafield tag="590" ind1=" " ind2=" ">
			<marc:subfield code="a">clno 1, 2</marc:subfield>
			<marc:subfield code="b">1, 1 f.</marc:subfield>
			<marc:subfield code="8">01</marc:subfield>
		</marc:datafield>
		<marc:datafield tag="593" ind1=" " ind2=" ">
			<marc:subfield code="a">Manuscript copy</marc:subfield>
			<marc:subfield code="b">Notated music</marc:subfield>
			<marc:subfield code="8">01</marc:subfield>
		</marc:datafield>
		<marc:datafield tag="594" ind1=" " ind2=" ">
			<marc:subfield code="b">no indication</marc:subfield>
		</marc:datafield>
		<marc:datafield tag="594" ind1=" " ind2=" ">
			<marc:subfield code="a">no indication</marc:subfield>
		</marc:datafield>
		<marc:datafield tag="599" ind1=" " ind2=" ">
			<marc:subfield code="b">full</marc:subfield>
		</marc:datafield>
		<marc:datafield tag="650" ind1="0" ind2="7">
			<marc:subfield code="a">Sacred songs</marc:subfield>
			<marc:subfield code="0">25250</marc:subfield>
		</marc:datafield>
		<marc:datafield tag="691" ind1=" " ind2="7">
			<marc:subfield code="a">PatalasR 2008</marc:subfield>
			<marc:subfield code="n">p. 66</marc:subfield>
			<marc:subfield code="0">41002059</marc:subfield>
		</marc:datafield>
		<marc:datafield tag="700" ind1="1" ind2=" ">
			<marc:subfield code="a">Copyist A from Raków</marc:subfield>
			<marc:subfield code="d">18.sc</marc:subfield>
			<marc:subfield code="j">Ascertained</marc:subfield>
			<marc:subfield code="0">41025077</marc:subfield>
			<marc:subfield code="4">scr</marc:subfield>
		</marc:datafield>
		<marc:datafield tag="710" ind1="2" ind2=" ">
			<marc:subfield code="a">Kościół św. Trójcy w Rakowie, Archiwum</marc:subfield>
			<marc:subfield code="c">Raków</marc:subfield>
			<marc:subfield code="g">Ascertained</marc:subfield>
			<marc:subfield code="0">30002096</marc:subfield>
			<marc:subfield code="4">fmo</marc:subfield>
		</marc:datafield>
		<marc:datafield tag="852" ind1=" " ind2=" ">
			<marc:subfield code="a">PL-R</marc:subfield>
			<marc:subfield code="c">RAp-69</marc:subfield>
			<marc:subfield code="e">Kościół św. Trójcy w Rakowie, Archiwum</marc:subfield>
			<marc:subfield code="x">30002096</marc:subfield>
		</marc:datafield>
		<marc:datafield tag="980" ind1=" " ind2=" ">
			<marc:subfield code="a">RISM</marc:subfield>
			<marc:subfield code="c">examined</marc:subfield>
		</marc:datafield>
	</marc:record>