

	<marc:record>
		<marc:leader>00000ndm a2200000 u 4500</marc:leader>
		<marc:controlfield tag="001">1001218987</marc:controlfield>
		<marc:controlfield tag="003">DE-633</marc:controlfield>
		<marc:datafield tag="031" ind1=" " ind2=" ">
			<marc:subfield code="a">1</marc:subfield>
			<marc:subfield code="b">1</marc:subfield>
			<marc:subfield code="c">1</marc:subfield>
			<marc:subfield code="g">C-1</marc:subfield>
			<marc:subfield code="m">S</marc:subfield>
			<marc:subfield code="n">bBEA</marc:subfield>
			<marc:subfield code="o">2/4</marc:subfield>
			<marc:subfield code="p">8-/=17/4-8-&#39;&#39;C/{C&#39;F}F&#39;&#39;bD/D&#39;FF&#39;&#39;bD/{C6&#39;BA}8B{6AG}/8AF-&#39;&#39;E/</marc:subfield>
			<marc:subfield code="r">f</marc:subfield>
			<marc:subfield code="t">Dic mihi quem diligit anima mea</marc:subfield>
			<marc:subfield code="2">pe</marc:subfield>
		</marc:datafield>
		<marc:datafield tag="031" ind1=" " ind2=" ">
			<marc:subfield code="a">1</marc:subfield>
			<marc:subfield code="b">1</marc:subfield>
			<marc:subfield code="c">2</marc:subfield>
			<marc:subfield code="d">Adagio</marc:subfield>
			<marc:subfield code="g">G-2</marc:subfield>
			<marc:subfield code="m">vl 1</marc:subfield>
			<marc:subfield code="n">bBEA</marc:subfield>
			<marc:subfield code="o">2/4</marc:subfield>
			<marc:subfield code="p">8&#39;&#39;C/{C&#39;GF&#39;&#39;bD}/{bD&#39;FF&#39;&#39;D}/{C6&#39;BA}{8B6AG}/{8AG}-&#39;&#39;E/{E&#39;AA&#39;&#39;F}/{F&#39;A}{A&#39;&#39;F}/</marc:subfield>
			<marc:subfield code="r">f</marc:subfield>
			<marc:subfield code="2">pe</marc:subfield>
		</marc:datafield>
		<marc:datafield tag="040" ind1=" " ind2=" ">
			<marc:subfield code="a">DE-633</marc:subfield>
			<marc:subfield code="b">eng</marc:subfield>
		</marc:datafield>
		<marc:datafield tag="041" ind1="0" ind2=" ">
			<marc:subfield code="a">lat</marc:subfield>
		</marc:datafield>
		<marc:datafield tag="100" ind1="1" ind2=" ">
			<marc:subfield code="a">Brentner, Johann Joseph Ignaz</marc:subfield>
			<marc:subfield code="d">1689-1742</marc:subfield>
			<marc:subfield code="j">Ascertained</marc:subfield>
			<marc:subfield code="0">30000477</marc:subfield>
		</marc:datafield>
		<marc:datafield tag="240" ind1="1" ind2="0">
			<marc:subfield code="a">Dic mihi quem diligit anima mea</marc:subfield>
			<marc:subfield code="m">S, strings, org</marc:subfield>
			<marc:subfield code="r">f</marc:subfield>
			<marc:subfield code="0">50281490</marc:subfield>
		</marc:datafield>
		<marc:datafield tag="245" ind1="1" ind2="0">
			<marc:subfield code="a">[title page:] Concerto de Deo. | Dic mihi quem diligit anima mea. | a Canto Solo | Con. 2. Violini | Et Alto Viola | ac Organo | A I. Bretner</marc:subfield>
		</marc:datafield>
		<marc:datafield tag="260" ind1=" " ind2=" ">
			<marc:subfield code="c">ca. 1740</marc:subfield>
			<marc:subfield code="8">01</marc:subfield>
		</marc:datafield>
		<marc:datafield tag="300" ind1=" " ind2=" ">
			<marc:subfield code="a">5 parts</marc:subfield>
			<marc:subfield code="c">20 x 16 cm</marc:subfield>
			<marc:subfield code="8">01</marc:subfield>
		</marc:datafield>
		<marc:datafield tag="500" ind1=" " ind2=" ">
			<marc:subfield code="a">Inscriptions on the title page: &quot;ex[torn off]&quot; in the upper right corner; &quot;Ecclesiae Parochiali Racoviensi Sacrum | Raptori Sacrilegium.&quot; at the bottom.</marc:subfield>
		</marc:datafield>
		<marc:datafield tag="500" ind1=" " ind2=" ">
			<marc:subfield code="a">Concordance to RISM ID 1001041173 (PL-SA 81/A II 21).</marc:subfield>
		</marc:datafield>
		<marc:datafield tag="590" ind1=" " ind2=" ">
			<marc:subfield code="a">S solo</marc:subfield>
			<marc:subfield code="b">1 f.</marc:subfield>
			<marc:subfield code="8">01</marc:subfield>
		</marc:datafield>
		<marc:datafield tag="590" ind1=" " ind2=" ">
			<marc:subfield code="a">vl 1, 2, a-vla</marc:subfield>
			<marc:subfield code="b">1, 1, 1 f.</marc:subfield>
			<marc:subfield code="8">01</marc:subfield>
		</marc:datafield>
		<marc:datafield tag="590" ind1=" " ind2=" ">
			<marc:subfield code="a">org (= bc.fig)</marc:subfield>
			<marc:subfield code="b">1 f.</marc:subfield>
			<marc:subfield code="8">01</marc:subfield>
		</marc:datafield>
		<marc:datafield tag="593" ind1=" " ind2=" ">
			<marc:subfield code="a">Manuscript copy</marc:subfield>
			<marc:subfield code="b">Notated music</marc:subfield>
			<marc:subfield code="8">01</marc:subfield>
		</marc:datafield>
		<marc:datafield tag="594" ind1=" " ind2=" ">
			<marc:subfield code="b">S solo</marc:subfield>
			<marc:subfield code="c">1</marc:subfield>
		</marc:datafield>
		<marc:datafield tag="594" ind1=" " ind2=" ">
			<marc:subfield code="b">vl</marc:subfield>
			<marc:subfield code="c">2</marc:subfield>
		</marc:datafield>
		<marc:datafield tag="594" ind1=" " ind2=" ">
			<marc:subfield code="b">a-vla</marc:subfield>
			<marc:subfield code="c">1</marc:subfield>
		</marc:datafield>
		<marc:datafield tag="594" ind1=" " ind2=" ">
			<marc:subfield code="b">org</marc:subfield>
			<marc:subfield code="c">1</marc:subfield>
		</marc:datafield>
		<marc:datafield tag="594" ind1=" " ind2=" ">
			<marc:subfield code="a">S solo, vl (2), a-vla, org</marc:subfield>
		</marc:datafield>
		<marc:datafield tag="599" ind1=" " ind2=" ">
			<marc:subfield code="b">full</marc:subfield>
		</marc:datafield>
		<marc:datafield tag="650" ind1="0" ind2="7">
			<marc:subfield code="a">Sacred songs</marc:subfield>
			<marc:subfield code="0">25250</marc:subfield>
		</marc:datafield>
		<marc:datafield tag="700" ind1="1" ind2=" ">
			<marc:subfield code="a">Copyist A from Raków</marc:subfield>
			<marc:subfield code="d">18.sc</marc:subfield>
			<marc:subfield code="j">Ascertained</marc:subfield>
			<marc:subfield code="0">41025077</marc:subfield>
			<marc:subfield code="4">scr</marc:subfield>
		</marc:datafield>
		<marc:datafield tag="710" ind1="2" ind2=" ">
			<marc:subfield code="a">Kościół św. Trójcy w Rakowie, Archiwum</marc:subfield>
			<marc:subfield code="c">Raków</marc:subfield>
			<marc:subfield code="g">Ascertained</marc:subfield>
			<marc:subfield code="0">30002096</marc:subfield>
			<marc:subfield code="4">fmo</marc:subfield>
		</marc:datafield>
		<marc:datafield tag="787" ind1="0" ind2=" ">
			<marc:subfield code="n">Concordance: PL-SA 81/A II 21.</marc:subfield>
			<marc:subfield code="w">1001041173</marc:subfield>
			<marc:subfield code="4">rdau:P60191</marc:subfield>
		</marc:datafield>
		<marc:datafield tag="852" ind1=" " ind2=" ">
			<marc:subfield code="a">PL-R</marc:subfield>
			<marc:subfield code="c">RAp-123</marc:subfield>
			<marc:subfield code="e">Kościół św. Trójcy w Rakowie, Archiwum</marc:subfield>
			<marc:subfield code="x">30002096</marc:subfield>
		</marc:datafield>
		<marc:datafield tag="980" ind1=" " ind2=" ">
			<marc:subfield code="a">RISM</marc:subfield>
			<marc:subfield code="c">examined</marc:subfield>
		</marc:datafield>
	</marc:record>